@InProceedings{g3,
 author = "S. Tellex and T. Kollar and S. Dickerson and M. Walter and A. Banerjee and S. Teller and N. Roy",
 title = "Understanding Natural Language Commands for Robotic Navigation and Mobile Manipulation",
 booktitle = "National Conference on Artificial Intelligence",
 year = 2011
}

@misc{dcg,
 author = "T. Howard and S. Tellex and N. Roy",
 title = "A Natural Language Planner Interface for Mobile Manipulators",
 month = jun,
 year = 2014,
 howpublished = "In \textit{International Conference on Robotics and Automation}"
}



@inproceedings{olson2011,
    TITLE      = {{AprilTag}: A robust and flexible visual fiducial system},
    AUTHOR     = {Edwin Olson},
    BOOKTITLE  = {Proceedings of the {IEEE} International Conference on Robotics and
                 Automation ({ICRA})},
    YEAR       = {2011},
    MONTH      = {May},
    PAGES      = {3400-3407},
    KEYWORDS   = {Robot navigation, SLAM, Visual Fiducial, ARToolkit},
    PUBLISHER  = {IEEE},
}
